% =============================================================================
% Internet Resource
% =============================================================================
@Misc{KTNE,
  title = {Keep Talking and Nobody Explodes},
  howpublished = {\url{http://www.keeptalkinggame.com/}},
  year = 2014
}

@Misc{Charades,
  title = {Charades},
  howpublished = {Wikipedia},
  note = {Retrieved January 2, 2016 from \url{https://en.wikipedia.org/wiki/Charades}}
}

@Misc{Portal2,
  title = {Portal 2},
  howpublished = {\url{http://www.thinkwithportals.com/}},
  year = 2011
}

@Misc {Way,
  title = {Way},
  howpublished = {\url{http://www.makeourway.com/}},
  year = 2011
}

@Misc{Unity,
  title = {Unity. Unity3D.},
  howpublished = {\url{http://unity3d.com/}},
  year = 2005
}

@Misc{Kinect,
  title = {Microsoft. Microsoft Kinect for Windows v2.},
  howpublished = {\url{http://www.microsoft.com/en-us/kinectforwindows/},
  year = 2010}
}


@Misc{8puzzle,
  title = {8 puzzle},
  howpublished = {Wikipedia},
  note = {Retrieved January 2, 2016 from \url{https://en.wikipedia.org/wiki/15_puzzle}}
}

% =============================================================================
% Papers
% =============================================================================

@inproceedings{MuteRobot,
 author = {Hsu, Chun-Yen and Tung, Ying-Chao and Wang, Wei-Han and Wang, Han-Yu},
 title = {Mute Robot: Cooperative Gameplay Through Body Language Communication},
 booktitle = {CHI '14 Extended Abstracts on Human Factors in Computing Systems},
 series = {CHI EA '14},
 year = {2014},
 isbn = {978-1-4503-2474-8},
 location = {Toronto, Ontario, Canada},
 pages = {281--284},
 numpages = {4},
 url = {http://doi.acm.org/10.1145/2559206.2580099},
 doi = {10.1145/2559206.2580099},
 acmid = {2580099},
 publisher = {ACM},
 address = {New York, NY, USA},
 keywords = {body language, game, game design, kinect, video games},
} 


% =============================================================================
% Cooperative Game Play
% =============================================================================

@inproceedings{CG1,
 author = {J. P. Zagal, J. Rick, I. Hsi},
 title = {Collaborative games: Lessons learned from board games},
 booktitle = {Simulation and Gaming, vol.37},
 year = {2006},
 pages = {24-40},
} 

@inproceedings{CG2,
 author = {S. Bj{\"o}rk, J. Holopainen},
 title = {Patterns in Game Design},
 publisher = "California, USA: Charles River Media",
 year = {2004},
} 

@inproceedings{CG3,
 author = {Zagal, Mateas, Fernandez-Vara and Hochhalter, Lichti},
 title = {Towards an Ontological Language for Game Analysis},
 booktitle = {Digital Interactive Games Research Association Conference (DiGRA 2005)},
 year = {2005},
} 

@inproceedings{CG4,
 author = {J. B. Rocha, S. Mascarenhas, R. Prada},
 title = {Game Mechanics for Cooperative Games},
 booktitle = {ZDN Digital Game},
 year = {2008},
} 

@inproceedings{CG5,
 author = {Toups, Zachary O. and Hammer, Jessica and Hamilton, William A. and Jarrah, Ahmad and Graves, William and Garretson, Oliver},
 title = {A Framework for Cooperative Communication Game Mechanics from Grounded Theory},
 booktitle = {Proceedings of the First ACM SIGCHI Annual Symposium on Computer-human Interaction in Play},
 series = {CHI PLAY '14},
 year = {2014},
 isbn = {978-1-4503-3014-5},
 location = {Toronto, Ontario, Canada},
 pages = {257--266},
 numpages = {10},
 url = {http://doi.acm.org/10.1145/2658537.2658681},
 doi = {10.1145/2658537.2658681},
 acmid = {2658681},
 publisher = {ACM},
 address = {New York, NY, USA},
 keywords = {analysis, communication, cooperation, game design, teams},
} 

@inproceedings{GD1,
 author = {Penelope S.},
 title = {GameFlow: a model for evaluating player enjoyment in games},
 booktitle = {Proc. CIE 2005},
 year = {2005},
 publisher = {ACM CIE},
} 

@inproceedings{CPMs,
 author = {El-Nasr, Aghabeigi and Milam, Erfani and Lameman, Maygoli and Sang Mah},
 title = {Understanding and Evaluating Cooperative Games},
 booktitle = {Proc. CHI 2010},
 year = {2010},
 publisher = {ACM SIGCHI},
} 


@inproceedings{eSFQ,
 author = {Christiane M.},
 title = {Rapid assessment of game experiences in public settings},
 booktitle = {Proc. FnG 2012},
 year = {2012},
 publisher = {ACM FnG},
} 

@inproceedings{Chall1,
 author = {Cox, Anna and Cairns, Paul and Shah, Pari and Carroll, Michael},
 title = {Not Doing but Thinking: The Role of Challenge in the Gaming Experience},
 booktitle = {Proceedings of the SIGCHI Conference on Human Factors in Computing Systems},
 series = {CHI '12},
 year = {2012},
 isbn = {978-1-4503-1015-4},
 location = {Austin, Texas, USA},
 pages = {79--88},
 numpages = {10},
 url = {http://doi.acm.org/10.1145/2207676.2207689},
 doi = {10.1145/2207676.2207689},
 acmid = {2207689},
 publisher = {ACM},
 address = {New York, NY, USA},
 keywords = {challenge, games, immersion},
} 

@inproceedings{Chall2,
 author = {Iacovides, Ioanna and Cox, Anna L. and Avakian, Ara and Knoll, Thomas},
 title = {Player Strategies: Achieving Breakthroughs and Progressing in Single-player and Cooperative Games},
 booktitle = {Proceedings of the First ACM SIGCHI Annual Symposium on Computer-human Interaction in Play},
 series = {CHI PLAY '14},
 year = {2014},
 isbn = {978-1-4503-3014-5},
 location = {Toronto, Ontario, Canada},
 pages = {131--140},
 numpages = {10},
 url = {http://doi.acm.org/10.1145/2658537.2658697},
 doi = {10.1145/2658537.2658697},
 acmid = {2658697},
 publisher = {ACM},
 address = {New York, NY, USA},
 keywords = {engagement, games, learning, player strategies},
} 

@book{PsyFlow,
    address={New York}, 
    title={Flow: the psychology of optimal experience}, publisher={HarperPerennial}, 
    author={Csikszentmihalyi, Mihaly}, 
    year={1991}
}


% =============================================================================
% Original Template
% =============================================================================

@inproceedings{Lugrin:2013:IFG:2512142.2512146,
 author = {Lugrin, Jean-Luc and Cavazza, Marc and Charles, Fred and Le Renard, Marc and Freeman, Jonathan and Lessiter, Jane},
 title = {Immersive FPS Games: User Experience and Performance},
 booktitle = {Proceedings of the 2013 ACM International Workshop on Immersive Media Experiences},
 series = {ImmersiveMe '13},
 year = {2013},
 isbn = {978-1-4503-2402-1},
 location = {Barcelona, Spain},
 pages = {7--12},
 numpages = {6},
 url = {http://doi.acm.org/10.1145/2512142.2512146},
 doi = {10.1145/2512142.2512146},
 acmid = {2512146},
 publisher = {ACM},
 address = {New York, NY, USA},
 keywords = {cybersickness, game engine, immersive gaming, performance, presence, user experience, virtual reality},
}

@inproceedings{Greuter:2014:SMI:2677758.2677781,
 author = {Greuter, Stefan and Roberts, David J.},
 title = {SpaceWalk: Movement and Interaction in Virtual Space with Commodity Hardware},
 booktitle = {Proceedings of the 2014 Conference on Interactive Entertainment},
 series = {IE2014},
 year = {2014},
 isbn = {978-1-4503-2790-9},
 location = {Newcastle, NSW, Australia},
 pages = {1:1--1:7},
 articleno = {1},
 numpages = {7},
 url = {http://doi.acm.org/10.1145/2677758.2677781},
 doi = {10.1145/2677758.2677781},
 acmid = {2677781},
 publisher = {ACM},
 address = {New York, NY, USA},
 keywords = {Depth Cameras, Head Mounted Displays, Microsoft Kinect, Motion Tracking, Oculus Rift, Viewpoint Tracking, Virtual Reality},
}

@inproceedings{Bolton:2014:PVR:2559206.2574827,
 author = {Bolton, John and Lambert, Mike and Lirette, Denis and Unsworth, Ben},
 title = {PaperDude: A Virtual Reality Cycling Exergame},
 booktitle = {CHI '14 Extended Abstracts on Human Factors in Computing Systems},
 series = {CHI EA '14},
 year = {2014},
 isbn = {978-1-4503-2474-8},
 location = {Toronto, Ontario, Canada},
 pages = {475--478},
 numpages = {4},
 url = {http://doi.acm.org/10.1145/2559206.2574827},
 doi = {10.1145/2559206.2574827},
 acmid = {2574827},
 publisher = {ACM},
 address = {New York, NY, USA},
 keywords = {exercise, exergaming, gaming, natural user interfaces, virtual reality},
}

@inproceedings{Birk:2013:CYG:2470654.2470752,
 author = {Birk, Max and Mandryk, Regan L.},
 title = {Control Your Game-self: Effects of Controller Type on Enjoyment, Motivation, and Personality in Game},
 booktitle = {Proceedings of the SIGCHI Conference on Human Factors in Computing Systems},
 series = {CHI '13},
 year = {2013},
 isbn = {978-1-4503-1899-0},
 location = {Paris, France},
 pages = {685--694},
 numpages = {10},
 url = {http://doi.acm.org/10.1145/2470654.2470752},
 doi = {10.1145/2470654.2470752},
 acmid = {2470752},
 publisher = {ACM},
 address = {New York, NY, USA},
 keywords = {controller, games, motivation, personality, self-determination theory, self-discrepancy theory},
} 


@Misc{CHINOSAUR:venue,
  author =       {@\_CHINOSAUR},
  key =          {_CHINOSAUR},
  howpublished = {Tweet},
  title =        {"VENUE IS TOO COLD" \#BINGO \#CHI2014},
  month =        {May},
  day =          1,
  year =         2014,
  note =         {Retrieved Febuary 2, 2015 from
                  \url{https://twitter.com/_CHINOSAUR/status/461864317415989248}},
  annote =       {Tweet}
}

@misc{supermetroid:snes,
	Address = {Kyoto, Japan},
	Author = {{Nintendo R\&D1} and {Intelligent Systems}},
	Day = {18},
	Howpublished = {Game [SNES]},
	Month = {April},
	Note = {Nintendo, Kyoto, Japan. Played August 2011.},
	Publisher = {Nintendo},
	Title = {\emph{Super Metroid}},
	Year = {1994}
}

@inproceedings{Klemmer:2002:WSC:503376.503378,
  author =       {Klemmer, Scott R. and Thomsen, Michael and
                  Phelps-Goodman, Ethan and Lee, Robert and Landay,
                  James A.},
  title =        {Where Do Web Sites Come from?: Capturing and
                  Interacting with Design History},
  booktitle =    {Proceedings of the SIGCHI Conference on Human
                  Factors in Computing Systems},
  series =       {CHI '02},
  year =         2002,
  isbn =         {1-58113-453-3},
  location =     {Minneapolis, Minnesota, USA},
  pages =        {1--8},
  url =          {http://doi.acm.org/10.1145/503376.503378},
  doi =          {10.1145/503376.503378},
  acmid =        503378,
  publisher =    {ACM},
  address =      {New York, NY, USA},
  keywords =     {CSCW, activity capture, design rationale, history
                  management, informal interfaces, sketching, tangible
                  UI, web design},
}

@inproceedings{Mather:2000:MUT,
  title =        {Making up titles for conference papers},
  author =       {Mather, B. D.},
  booktitle =    {Ext. Abstracts CHI 2000},
  year =         2000,
  publisher =    "ACM Press",
  pages =        "1-2",
}

@book{Schwartz:1995:GBF,
  title =        {Guidelines for Bias-Free Writing},
  author =       {Marilyn Schwartz},
  address =      {Bloomington, IN, USA},
  year =         1995,
  publisher =    {ERIC}
}

@inproceedings{Zellweger:2001:FAO:504216.504224,
  author =       {Zellweger, Polle T. and Bouvin, Niels Olof and
                  Jeh{\o}j, Henning and Mackinlay, Jock D.},
  title =        {Fluid annotations in an open world},
  booktitle =    {Proc. Hypertext 2001},
  year =         2001,
  pages =        {9--18},
  publisher =    {ACM Press},
}

@misc{acm_categories,
  key =          "ACM",
  author =       {ACM},
  title =        {How to Classify Works Using ACM's Computing
                  Classification System},
  year =         1998,
  note =         {\url{http://www.acm.org/class/how_to_use.html}},
}

@Misc{cavender:writing,
  author =       {Anna Cavender and Shari Trewin and Vicki Hanson},
  title =        {Accessible Writing Guide},
  year =         2014,
  day =          22,
  note =
                  {\url{http://www.sigaccess.org/welcome-to-sigaccess/resources/accessible-writing-guide/}},
  annote =       {URL}
}

@article{ethics,
  title =        {{Social Impacts of Computing: Codes of Professional
                  Ethics}},
  author =       {R. E. Anderson},
  doi =          "10.1177/089443939201000402",
  journal =      "Social Science Computer Review December",
  year =         1992,
  volume =       10,
  number =       4,
  pages =        "453-469"
}

@Misc{heilig:sensorama,
  author =       {Morton L. Heilig},
  title =        {Sensorama Simulator},
  howpublished = {U.S. Patent 3,050,870},
  month =        {August},
  day =          28,
  year =         1962,
  note =         {Filed Februrary 22, 1962.},
  annote =       {is this right?}
},

@article{kaye:puc,
  year =         2014,
  issn =         {1617-4909},
  journal =      {Personal and Ubiquitous Computing},
  volume =       18,
  number =       4,
  doi =          {10.1007/s00779-014-0773-4},
  title =        {Special issue on science fiction and ubiquitous
                  computing},
  url =          {http://dx.doi.org/10.1007/s00779-014-0773-4},
  publisher =    {Springer London},
  author =       {Kaye, Jofish and Dourish, Paul},
  pages =        {765-766},
  language =     {English}
}

@Misc{psy:gangnam,
  author =       {Psy},
  title =        {Gangnam Style},
  howpublished = {Video},
  month =        {July},
  day =          15,
  year =         2012,
  note =         {Retrieved August 22, 2014 from
                  \url{https://www.youtube.com/watch?v=9bZkp7q19f0}},
  annote =       {Video URL}
}

@PhdThesis{sutherland:sketchpad,
  author =       {Ivan E. Sutherland},
  title =        {Sketchpad, a Man-Machine Graphical Communication
                  System},
  school =       {Massachusetts Institute of Technology},
  year =         1963,
  address =      {Cambridge, MA},
}

@InBook{winner:politics,
  author =       {Langdon Winner},
  title =        {The Social Shaping of Technology},
  chapter =      {Do artifacts have politics?},
  publisher =    {Open University Press},
  year =         1999,
  address =      {UK},
  edition =      {2nd},
  pages =        {28--40},
}

